%% Journals

@article{barbu2012objectsTackingEvents,
  author       = {Andrei Barbu and N. Siddharth and Aaron Michaux and Jeffrey Mark Siskind},
  title	       = {Simultaneous Object Detection, Tracking, and Event Recognition},
  journal      = {Advances in Cognitive Systems (ACS)},
  volume       = 2,
  pages	       = {203-20},
  year	       = 2012
}

@article{barrett2016video,
  author       = {Daniel P. Barrett and Andrei Barbu and N. Siddharth and Jeffrey Mark Siskind},
  title	       = {Saying What You're Looking For: Linguistics Meets Video Search},
  journal      = {IEEE Transactions on Pattern Analysis and Machine Intelligence (TPAMI)},
  volume       = 38,
  number       = 10,
  pages	       = {2069-2081},
  year	       = 2016
}

@article{siddharth2012unseeability,
  author       = {N. Siddharth and Andrei Barbu and Jeffrey Mark Siskind},
  title	       = {Seeing Unseeability to See the Unseeable},
  journal      = {Advances in Cognitive Systems (ACS)},
  volume       = 2,
  pages	       = {77-94},
  year	       = 2012
}

@article{yu2015GroundingLanguage,
  author       = {Haonan Yu and N. Siddharth and Andrei Barbu and Jeffrey Mark Siskind},
  title	       = {A Compositional Framework for Grounding Language Inference, Generation, and Acquisition in Video},
  journal      = {Journal of Artificial Intelligence Research (JAIR)},
  volume       = 52,
  pages	       = {601-713},
  year	       = 2015
}

%% Conferences

@inproceedings{barbu2010RobotGames,
  author       = {Andrei Barbu and N. Siddharth and Jeffrey Mark Siskind},
  title	       = {Learning Physically-Instantiated Game Play Through Visual Observation},
  booktitle    = {Proceedings of the IEEE International Conference on Robotics and Automation (ICRA)},
  location     = {Anchorage, AK},
  pages	       = {1879-86},
  month	       = may,
  year	       = 2010
}

@inproceedings{barbu2012videoSentences,
  author       = {Andrei Barbu and Alexander Bridge and Zach Burchill and Dan Coroian and Sven Dickinson and Sanja Fidler and Aaron Michaux and Sam Mussman and N. Siddharth and Dhaval Salvi and Lara Schmidt and Jiangnan Shangguan and Jeffrey Mark Siskind and Jarrell Waggoner and Song Wang and Jinlian Wei and Yifan Yin and Zhiqi Zhang},
  title	       = {Video In Sentences Out},
  booktitle    = {Proceedings of the Twenty-Eighth Conference on Uncertainty in Artificial Intelligence (UAI)},
  location     = {Catalina Island, CA},
  pages	       = {102-12},
  month	       = aug,
  year	       = 2012
}

@inproceedings{barbu2014fmriAction,
  author       = {Andrei Barbu and Daniel P. Barrett and Wei Chen and N. Siddharth and Caiming Xiong and Jason J. Corso and Cristiane D. Fellbaum and Catherine Hanson, Stephen Jose Hanson and Sebastien Helie and Evguenia Malaia and Barak A. Pearlmutter and Jeffrey Mark Siskind and Thomas Michael Talavage and Ronnie B. Wilbur},
  title	       = {Seeing is Worse than Believing: Reading People's Minds Better than Computer-Vision Methods Recognize Actions},
  booktitle    = {Proceedings of the European Conference on Computer Vision (ECCV)},
  location     = {Zurich, Switzerland},
  month	       = sep,
  pages	       = {612-27},
  year	       = 2014
}

@inproceedings{cao2013partiallyObserved,
  author       = {Yu Cao and Daniel P. Barrett and Andrei Barbu and N. Siddharth and Haonan Yu and Aaron Michaux and Yuwei Lin and Sven Dickinson and Jeffrey Mark Siskind and Song Wang},
  title	       = {Recognizing Human Activities from Partially Observed Videos},
  booktitle    = {Proceedings of the IEEE Conference on Computer Vision and Pattern Recognition (CVPR)},
  location     = {Portland, OR},
  pages        = {2658-65},
  month	       = jun,
  year	       = 2013
}

@inproceedings{siddharth2011VisualLanguage,
  author       = {N. Siddharth and Andrei Barbu and Jeffrey Mark Siskind},
  title	       = {A Visual Language Model for Estimating Object Pose and Structure in a Generative Visual Domain},
  booktitle    = {Proceedings of the IEEE International Conference on Robotics and Automation (ICRA)},
  location     = {Shanghai, China},
  pages	       = {4854-60},
  month	       = may,
  year	       = 2011
}

@inproceedings{siddharth2014sentence,
  author       = {N. Siddharth and Andrei Barbu and Jeffrey Mark Siskind},
  title	       = {Seeing What You're Told: Sentence-Guided Activity Recognition in Video},
  booktitle    = {Proceedings of the IEEE Conference on Computer Vision and Pattern Recognition (CVPR)},
  location     = {Columbus, OH},
  month	       = jun,
  pages	       = {732-39},
  year	       = 2014
}

@inproceedings{siddharth2017learning,
  title	       = {Learning Disentangled Representations with Semi-Supervised Deep Generative Models},
  author       = {N. Siddharth and Brooks Paige and Jan-Willem van de Meent and Alban Desmaison and Noah D. Goodman and Pushmeet Kohli and Frank Wood and Philip H.~S. Torr},
  booktitle    = {Advances in Neural Information Processing Systems (NIPS)},
  editor       = {I. Guyon and U. V. Luxburg and S. Bengio and H. Wallach and R. Fergus and S. Vishwanathan and R. Garnett},
  pages	       = {5927--5937},
  month	       = dec,
  year	       = 2017,
  publisher    = {Curran Associates, Inc.},
  url	       = {http://papers.nips.cc/paper/7174-learning-disentangled-representations-with-semi-supervised-deep-generative-models.pdf}
}

% fix editor and pages
% editor       = {I. Guyon and U. V. Luxburg and S. Bengio and H. Wallach and R. Fergus and S. Vishwanathan and R. Garnett},
% pages	       = {5927--5937},
@inproceedings{webb2018faithful,
  title        = {Faithful Inversion of Generative Models for Effective Amortized Inference},
  author       = {Stefan Webb and Adam Golinski and Robert Zinkov and N. Siddharth and Tom Rainforth and Yee Whye Teh and Frank Wood},
  booktitle    = {Advances in Neural Information Processing Systems (NIPS)},
  month	       = dec,
  year	       = 2018
}

@inproceedings{massiceti2018,
  author       = {Massiceti, Daniela and Siddharth, N. and Dokania, Puneet K. and Torr, Philip H.S.},
  title        = {FlipDial: A Generative Model for Two-Way Visual Dialogue},
  booktitle    = {Proceedings of the IEEE Conference on Computer Vision and Pattern Recognition (CVPR)},
  month	       = jun,
  year         = 2018
}

@inproceedings{siddharth2009laparoscopic,
  author       = {N. Siddharth and Muniyandi Manivannan and Suresh Devasahayam and George Mathew},
  title        = {Design of a Do-It-Yourself VR based Laparoscopic Simulator},
  booktitle    = {Medicine Meets Virtual Reality (MMVR)},
  year         = 2009
}

%% Workshops

@inproceedings{mathieu2018disentangling,
  title        = {Disentangling Disentanglement},
  author       = {Emile Mathieu and Tom Rainforth and N. Siddharth and Yee Whye Teh},
  booktitle    = {NIPS Workshop on Bayesian Deep Learning},
  year         = 2018
}

@inproceedings{massiceti2018emperor,
  title        = {The Emperor's New (Visual) Dialogue},
  author       = {Massiceti, Daniela and Dokania, Puneet K. and Siddharth, N. and Torr, Philip H.S.},
  booktitle    = {NIPS Workshop on Critiquing and Correcting Trends in Machine Learning},
  year         = 2018
}

@inproceedings{igl2018bhaml,
  title        = {Bayesian Hierarchical Multi-task Learning},
  author       = {Maximilian Igl and Wendelin Boehmer and Andrew Gambardella and Philip H.~S. Torr and Nantas Nardelli and N. Siddharth and Shimon Whiteson},
  booktitle    = {NIPS Workshop on Infer to Control},
  year         = 2018
}

@inproceedings{siddharth2016inducing,
  title        = {Inducing Interpretable Representations with Variational Autoencoders},
  author       = {N. Siddharth and Brooks Paige and Jan-Willem van de Meent and Alban Desmaison and Noah D. Goodman and Pushmeet Kohli and Frank Wood and Philip H.~S. Torr},
  booktitle    = {NIPS Workshop on Interpretable Machine Learning in Complex Systems},
  year         = 2016
}

@inproceedings{siddharth2014isd,
  title        = {Informative Scene Descriptions},
  author       = {N. Siddharth and Noah D. Goodman},
  booktitle    = {CVPR Workshop on Language and Vision},
  year         = 2014
}

@inproceedings{barbu2014language,
  title        = {Language-Driven Video Retrieval},
  author       = {Andrei Barbu and N. Siddharth and Jeffrey Mark Siskind},
  booktitle    = {CVPR Workshop on Vision Meets Cognition},
  year         = 2014
}

%% Tech Reports

@article{2013arXiv1306.2293B,
   author = {Andrei Barbu and N. Siddharth and Caiming Xiong and Jason J. Corso and Christiane D. Fellbaum and Catherine Hanson and Stephen Jose Hason and Sebastien Helie and Evguenia Malaia and Barak A. Pearlmutter and Jeffrey Mark Siskind and Thomas Michael Talavage and Ronnie B. Wilbur},
    title = {The Compositional Nature of Verb and Argument Representations in the Human Brain},
  journal = {ArXiv e-prints},
archivePrefix = "arXiv",
   eprint = {1306.2293},
 primaryClass = "q-bio.NC",
 keywords = {Quantitative Biology - Neurons and Cognition},
     year = 2013,
    month = jun,
   adsurl = {http://adsabs.harvard.edu/abs/2013arXiv1306.2293B},
  adsnote = {Provided by the SAO/NASA Astrophysics Data System}
}

@article{2012arXiv1204.3616B,
   author = {Andrei Barbu and Alexander Bridge and Dan Coroian and Sven Dickinson and Sam Mussman and N. Siddharth and Dhaval Salvi and Lara Schmidt and Jiangnan Shangguan and Jeffrey Mark Siskind and Jarrell Waggoner and Song Wang and Jinlian Wei and Yifan Yin and Zhiqi Zhang},
    title = {Large-Scale Automatic Labeling of Video Events with Verbs Based on Event-Participant Interaction},
  journal = {ArXiv e-prints},
archivePrefix = "arXiv",
   eprint = {1204.3616},
 primaryClass = "cs.CV",
 keywords = {Computer Science - Computer Vision and Pattern Recognition, Computer Science - Artificial Intelligence},
     year = 2012,
    month = apr,
   adsurl = {http://adsabs.harvard.edu/abs/2012arXiv1204.3616B},
  adsnote = {Provided by the SAO/NASA Astrophysics Data System}
}

@article{2016arXiv161200380B,
   author = {Shehroze Bhatti and Alban Desmaison and Ondrej Miksik and Nantas Nardelli and N. Siddharth and Philip H.~S. Torr},
    title = {Playing Doom with SLAM-Augmented Deep Reinforcement Learning},
  journal = {ArXiv e-prints},
archivePrefix = "arXiv",
   eprint = {1612.00380},
 primaryClass = "cs.AI",
 keywords = {Computer Science - Artificial Intelligence, Computer Science - Computer Vision and Pattern Recognition, Statistics - Machine Learning},
     year = 2016,
    month = dec,
   adsurl = {http://adsabs.harvard.edu/abs/2016arXiv161200380B},
  adsnote = {Provided by the SAO/NASA Astrophysics Data System}
}

@article{2015arXiv150902962S,
   author = {Andreas Stuhlm{\"u}ller and Robert X.~D. Hawkins and N. Siddharth and Noah D. Goodman},
    title = {Coarse-to-Fine Sequential Monte Carlo for Probabilistic Programs},
  journal = {ArXiv e-prints},
archivePrefix = "arXiv",
   eprint = {1509.02962},
 primaryClass = "cs.AI",
 keywords = {Computer Science - Artificial Intelligence, Statistics - Machine Learning},
     year = 2015,
    month = sep,
   adsurl = {http://adsabs.harvard.edu/abs/2015arXiv150902962S},
  adsnote = {Provided by the SAO/NASA Astrophysics Data System}
}

@article{2018arXiv180510469L,
   author = {Tuan Anh Le and Adam R. Kosiorek and N. Siddharth and Yee Whye Teh and Frank Wood},
    title = {Revisiting Reweighted Wake-Sleep},
  journal = {ArXiv e-prints},
archivePrefix = "arXiv",
   eprint = {1805.10469},
 primaryClass = "stat.ML",
 keywords = {Statistics - Machine Learning, Computer Science - Machine Learning},
     year = 2018,
    month = may,
   adsurl = {http://adsabs.harvard.edu/abs/2018arXiv180510469L},
  adsnote = {Provided by the SAO/NASA Astrophysics Data System}
}

@article{2018arXiv180402086E,
   author = {Babak Esmaeili and Hao Wu and Sarthak Jain and Alican Bozkurt and N. Siddharth and Brooks Paige and Dana H. Brooks and Jennifer Dy and Jan-Willem van de Meent},
    title = {Structured Disentangled Representations},
  journal = {ArXiv e-prints},
archivePrefix = "arXiv",
   eprint = {1804.02086},
 primaryClass = "stat.ML",
 keywords = {Statistics - Machine Learning, Computer Science - Machine Learning},
     year = 2018,
    month = apr,
   adsurl = {http://adsabs.harvard.edu/abs/2018arXiv180402086E},
  adsnote = {Provided by the SAO/NASA Astrophysics Data System}
}

%% Patent

% https://tex.stackexchange.com/questions/45459/citing-patents-using-biblatex
@patent{barbu2015correlating,
   author = {Andrei Barbu and N. Siddharth and Haonan Yu and Jeffrey Mark Siskind},
    title = {Correlating Videos and Sentences},
   number = {9183466},
     type = {patentus},
    month = nov,
     year = 2015
}
